<record><leader>00000cas a2200000 a 4500</leader><controlfield tag="001">9360022</controlfield><controlfield tag="008">830330d18431886miuwr ne      0    0eng c</controlfield><datafield ind1=" " ind2=" " tag="010"><subfield code="a">sn 83025272 </subfield></datafield><datafield ind1=" " ind2=" " tag="040"><subfield code="a">NPV</subfield><subfield code="b">eng</subfield><subfield code="c">NPV</subfield><subfield code="d">NPU</subfield><subfield code="d">NPX</subfield><subfield code="d">NPV</subfield><subfield code="d">MHN</subfield><subfield code="d">OCL</subfield><subfield code="d">OCLCQ</subfield><subfield code="d">OCLCF</subfield><subfield code="d">OCLCO</subfield></datafield><datafield ind1="1" ind2=" " tag="029"><subfield code="a">AU@</subfield><subfield code="b">000002658289</subfield></datafield><datafield ind1=" " ind2=" " tag="042"><subfield code="a">pcc</subfield></datafield><datafield ind1=" " ind2=" " tag="043"><subfield code="a">n-us-mi</subfield></datafield><datafield ind1="0" ind2=" " tag="130"><subfield code="a">Marshall statesman (Marshall, Mich. : 1843)</subfield></datafield><datafield ind1="1" ind2="4" tag="245"><subfield code="a">The Marshall statesman.</subfield></datafield><datafield ind1=" " ind2=" " tag="260"><subfield code="a">Marshall, Mich. :</subfield><subfield code="b">Lewis &amp; Simonds</subfield></datafield><datafield ind1=" " ind2=" " tag="300"><subfield code="a">v. ;</subfield><subfield code="c">57-72 cm.</subfield></datafield><datafield ind1=" " ind2=" " tag="310"><subfield code="a">Weekly</subfield></datafield><datafield ind1="0" ind2=" " tag="362"><subfield code="a">Vol. 5, no. 5 (Oct. 12, 1843)-v. 48, no. 16 (Dec. 24, 1886) = whole no. 213-whole no. 2460.</subfield></datafield><datafield ind1=" " ind2=" " tag="515"><subfield code="a">Numbering irregular.</subfield></datafield><datafield ind1=" " ind2="0" tag="651"><subfield code="a">Marshall (Mich.)</subfield><subfield code="v">Newspapers.</subfield></datafield><datafield ind1=" " ind2="0" tag="651"><subfield code="a">Calhoun County (Mich.)</subfield><subfield code="v">Newspapers.</subfield></datafield><datafield ind1=" " ind2="7" tag="655"><subfield code="a">Newspapers.</subfield><subfield code="2">fast</subfield><subfield code="0">(OCoLC)fst01423814</subfield></datafield><datafield ind1=" " ind2="7" tag="651"><subfield code="a">Michigan</subfield><subfield code="z">Calhoun County.</subfield><subfield code="2">fast</subfield><subfield code="0">(OCoLC)fst01214761</subfield></datafield><datafield ind1=" " ind2="7" tag="651"><subfield code="a">Michigan</subfield><subfield code="z">Marshall.</subfield><subfield code="2">fast</subfield><subfield code="0">(OCoLC)fst01219646</subfield></datafield><datafield ind1=" " ind2=" " tag="752"><subfield code="a">United States</subfield><subfield code="b">Michigan</subfield><subfield code="c">Calhoun</subfield><subfield code="d">Marshall.</subfield></datafield><datafield ind1="0" ind2="0" tag="780"><subfield code="t">Western statesman (Marshall, Mich.)</subfield><subfield code="w">(DLC)sn 85026509</subfield><subfield code="w">(OCoLC)12263777</subfield></datafield><datafield ind1="0" ind2="0" tag="785"><subfield code="t">Statesman (Marshall, Mich.)</subfield><subfield code="w">(DLC)sn 96077244</subfield><subfield code="w">(OCoLC)35913081</subfield></datafield></record>